@misc{brekke21,
  title = {Fundamentals of Sensor Fusion},
  author = {Edmund Brekke},
  howpublished = {Not published},
  note = {Third edition, August 2, 2021}
}
